@string{jlmc = "J. Exp. Psych: Learn., Mem., Cog."}
@string{jhpp = "J. Exp. Psych: Hum. Perc. Perf."}
@string{jexp = "J. Exp. Psych."}


@article{ruddle2011walking,
  title={Walking improves your cognitive map in environments that are large-scale and large in extent},
  author={Ruddle, Roy A and Volkova, Ekaterina and B{\"u}lthoff, Heinrich H},
  journal={ACM TOCHI},
  volume={18},
  number={2},
  pages={10},
  year={2011},
  publisher={ACM}
}


@article{vijayakar2002effect,
  title={Effect of turning strategy on maneuvering ability using the treadport locomotion interface},
  author={Vijayakar, Abhijeet and Hollerbach, John},
  journal={Presence: Tele. \& VEs},
  volume={11},
  number={3},
  pages={247--258},
  year={2002},
  publisher={MIT P}
}



@inproceedings{Wilson:2014,
 author = {Wilson, Preston Tunnell and Nguyen, Kevin and Harris, Alyssa and Williams, Betsy},
 title = {Walking in Place Using the Microsoft Kinect to Explore a Large VE},
 booktitle = {Proceedings of the 13th ACM SIGGRAPH International Conference on Virtual-Reality Continuum and Its Applications in Industry},
 series = {VRCAI '14},
 year = {2014},
 isbn = {978-1-4503-3254-5},
 location = {Shenzhen, China},
 pages = {27--33},
 numpages = {7},
 url = {http://doi.acm.org/10.1145/2670473.2670492},
 doi = {10.1145/2670473.2670492},
 acmid = {2670492},
 publisher = {ACM},
 address = {New York, NY, USA},
 keywords = {head-mounted display, locomotion, spatial updating, virtual environment},
} 



@article{Williams:2011:EWP,
 author = {Williams, Betsy and Bailey, Stephen and Narasimham, Gayathri and Li, Muqun and Bodenheimer, Bobby},
 title = {Evaluation of walking in place on a Wii balance board to explore a VE},
 journal = {ACM Trans. Appl. Percept.},
 issue_date = {August 2011},
 volume = {8},
 number = {3},
 month = aug,
 year = {2011},
 issn = {1544-3558},
 pages = {19:1--19:14},
 articleno = {19},
 numpages = {14},
 url = {http://doi.acm.org/10.1145/2010325.2010329},
 doi = {10.1145/2010325.2010329},
 acmid = {2010329},
 publisher = {ACM},
 address = {New York},
 keywords = {Virtual Reality (VR), graphics, human-computer interaction, space perception},
}

@inproceedings{wartenberg:book,
author = {Fredrik Wartenberg and Mark May and Patrick P\'{e}ruch},
title = {Spatial Orientation in VEs: Background Considerations and Experiments},
booktitle = {Spatial Cognition, An Interdisc. Appr. to Rep. and Proc. Spat. Knowledge},
year = {1998},
isbn = {3-540-64603-5},
pages = {469--489},
publisher = {Springer},
address = {London},
}

@ARTICLE{Ruddle1999:Presence,
  AUTHOR =       {Roy A Ruddle and Stephen J Payne and Dylan M Jones },
  TITLE =        {Navigating Large-Scale VEs:  What differences occur between helmet-mounted and desk-top displays?},
  JOURNAL =      {Presence},
  YEAR =         {1999},
  volume =       {8},
  number =       {2},
  pages =        {157--168},
}

@ARTICLE{Bowman1999,
  AUTHOR =       {Doug A Bowman and Elizabeth T Davis and Larry F Hodges and Albert N Badre},
  TITLE =        {Maintaining Spatial Orientation during Travel in an IVE},
  JOURNAL =      {Presence},
  YEAR =         {1999},
  volume =       {8},
  number =       {6},
  pages =        {618--631},

}
@ARTICLE{Waller1998:Presence,
  AUTHOR =       {D Waller and E Hunt and D Knapp},
  TITLE =        {The Transfer of Spatial Knowledge in VE Training},
  JOURNAL =      {Presence},
  YEAR =         {1998},
  volume =       {7},
  number =       {2},
  pages =        {129--143},
}

@ARTICLE{Chance1998:Presence,
  AUTHOR =       {Sarah S Chance and Florence Gaunet and Andrew C Beall and Jack M Loomis},
  TITLE =        {Locomotion mode affects updating of objects encountered during travel: The contribution of vestibular and proprioceptive inputs to path integration.},
  JOURNAL =      {Presence},
  YEAR =         {1998},
  volume =       {7},
  number =       {2},
  pages =        {168--178},

}

@INPROCEEDINGS{Pausch:1995,
  AUTHOR =       {R Pausch and D Proffitt and B Williams},
  TITLE =        {Quantifying immersion in virtual reality},
  booktitle = "SIGGRAPH 95",
  pages = "399--400",
  year = 1995,
}

@INPROCEEDINGS{Suma:2007,
  AUTHOR =       {Evan Suma and Sabarish Babu and Larry Hodges},
  TITLE =        {Comparison of Travel Techniques in Complex, Mulit-Level 3D Environment},
  BOOKTITLE =    {IEEE Symposium on 3D User Interfaces},
  YEAR =         {2007},
  pages =        {149--155},
}

@ARTICLE{Templeman1999:Presence,
  AUTHOR =       {J N Templeman and P S Denbrook and L E Sibert},
  TITLE =        {Virtual Locomotion: Walking in Place through VEs},
  JOURNAL =      {Presence},
  YEAR =         {1999},
  volume =       {8},
  number =       {6},
  pages =        {598--617},
}

@article{Ruddle2006:FENS,
	author = {Roy A. Ruddle and Simon Lessels },
	journal = {Psychological Science},
	keywords = {bob, jie, shiva, spatial-navigation},
	month = {June},
	number = {6},
	pages = {460--465},
	publisher = {Blackwell Publishing},
	title = {For Efficient Navigational Search, Humans Require Full Physical Movement, but Not a Rich Visual Scene},
	url = {http://dx.doi.org/10.1111/j.1467-9280.2006.01728.x},
	volume = {17},
	year = {2006}
}

@ARTICLE{Slater1995:HumanComp,
  AUTHOR =       {M Slater and M Usoh and A Steed},
  TITLE =        {Taking Steps: The Influence of a Walking Technique on Presence in Virtual Reality},
  JOURNAL =      {ACM Trans. on Human Interaction},
  YEAR =         {1995},
  volume =       {2},
  number =       {3},
  pages =        {201--219},
}

@ARTICLE{Razzaque2001:Eurographics,
  AUTHOR =       {Sharif Razzaque and Zachariah Kohn and Mary C Whitton},
  TITLE =        {Redirected Walking},
  JOURNAL =      {Eurographics Short Presentation},
  YEAR =         {2001},
}

@ARTICLE{Lathrop2002:PO,
  AUTHOR =       {William B Lathrop and Mary K Kaiser},
  TITLE =        {Perceived Orientation in Physical and VEs:  Changes in Perceived Orientation as a Function of Idiothetic Information Available},
  JOURNAL =      {Presence},
  YEAR =         {2002},
  volume =       {11},
  number =       {1},
  pages =        {19--32},
}

@inproceedings{Usoh:1999:WWF,
author = {Martin Usoh and Kevin Arthur and Mary C. Whitton and Rui Bastos and Anthony Steed and Mel Slater and Frederick P. Brooks},
    title = {Walking $>$ Walking-in-Place $>$ Flying, in VEs},
    year = {1999},
    month = {aug},
    booktitle = {SIGGRAPH 99},
    pages = {359--364},}
    
@inproceedings{Interrante:2007,
  author = {Victoria Interrante and Brian Ries and Lee Anderson},
  title = {Seven League Boots: A new metaphor for augmented locomotion through moderately large scale IVEs},
  year = {2007},
  month = {March},
  booktitle = {IEEE Symp. on 3D UIs},
  pages = {167--170},
  }
  


  
  
@ARTICLE{Darken1996:JHumanCompInter,
  AUTHOR =       {R Darken and J Sibert},
  TITLE =        {Navigating in Large Virtual Worlds},
  JOURNAL =      {The Int. J. of Human-Computer Interaction},
  YEAR =         {1996},
  volume =       {8},
  number =       {1},
  pages =        {49--72},
}

@ARTICLE{Nitzsche2004:Presence,
  AUTHOR =       {Norbert Nitzsche and Uwe Hanebeck and Gunther Schmidt},
  TITLE =        {Motion compression for telepresent walking in large target environments},
  JOURNAL =      {Presence},
  YEAR =         {2004},
  volume =       {13},
  number =       {1},
  pages =        {44--60},
}
  

   
@inproceedings{Feasel:2008:LLC,
 author = {Feasel, J. and Whitton, M. C. and Wendt, J. D.},
 title = {LLCM-WIP: Low-Latency, Continuous-Motion Walking-in-Place},
 booktitle = {Sym. on 3D User Interfaces},
 year = {2008},
 isbn = {978-1-4244-2047-6},
 pages = {97--104},
 numpages = {8},
 url = {http://dx.doi.org/10.1109/3DUI.2008.4476598},
 doi = {http://dx.doi.org/10.1109/3DUI.2008.4476598},
 acmid = {1544227},
 publisher = {IEEE },
 address = {Washington, DC},
 keywords = {user interface, walking-in-place technique, virtual locomotion, virtual avatar motion},
} 

@inproceedings{Wendt:VR10,
  author    = {Jeremy D. Wendt and
               Mary C. Whitton and
               Frederick P. Brooks Jr.},
  title     = {GUD WIP: Gait-Understanding-Driven Walking-In-Place},
  booktitle = {VR},
  year      = {2010},
  pages     = {51-58},
  ee        = {http://dx.doi.org/10.1109/VR.2010.5444812},
  bibsource = {DBLP, http://dblp.uni-trier.de}
}

@inproceedings{Riecke:2010:WNW,
 author = {Riecke, Bernhard E. and Bodenheimer, Bobby and McNamara, Timothy P. and Williams, Betsy and Peng, Peng and Feuereissen, Daniel},
 title = {Do we need to walk for effective VR navigation? Physical rotations alone may suffice},
 booktitle = {7th Inter. Conf. on Spat. Cogn.},
 year = {2010},
 isbn = {3-642-14748-8, 978-3-642-14748-7},
 location = {Portland, OR, USA},
 pages = {234--247},
 numpages = {14},
 url = {http://portal.acm.org/citation.cfm?id=1887093.1887121},
 acmid = {1887121},
} 

@inproceedings{Williams2006:APGV,
 author = {Betsy Williams and Gayathri Narasimham and Tim P. McNamara and Thomas H. Carr and John J. Rieser and Bobby Bodenheimer},
 title = {Updating orientation in large VEs using scaled translational gain},
 booktitle = { 3rd Symp. on Appl. Percept. in Graph. and Vis.},
 year = {2006},
 isbn = {1-59593-429-4},
 pages = {21--28},
 location = {Boston, Massachusetts},
 doi = {http://doi.acm.org/10.1145/1140491.1140495},
 publisher = {ACM},
 }
 
 

@inproceedings{Engel:2008VRST,
 author = {Engel, David and Curio, Crist\'{o}bal and Tcheang, Lili and Mohler, Betty and B\"{u}lthoff, Heinrich H.},
 title = {A psychophysically calibrated controller for navigating through large environments in a limited free-walking space},
 booktitle = { 2008  Symp .on VR software and technology},
 year = {2008},
 isbn = {978-1-59593-951-7},
 pages = {157--164},
 location = {Bordeaux, France},
 doi = {http://doi.acm.org/10.1145/1450579.1450612},
 publisher = {ACM},
 address = {New York, NY, USA},
 }


@article{Fernandes:2003ACM,
 author = {Fernandes, Kiran J. and Raja, Vinesh and Eyre, Julian},
 title = {Cybersphere: the fully immersive spherical projection system},
 journal = {Commun. ACM},
 volume = {46},
 number = {9},
 year = {2003},
 issn = {0001-0782},
 pages = {141--146},
 doi = {http://doi.acm.org/10.1145/903893.903929},
 publisher = {ACM},
 address = {New York, NY, USA},
 }
 
 
@ARTICLE{Plumert2004:ChildDev,
  AUTHOR =       {J M Plumert and J K Kearney and J F Cremer},
  TITLE =        {Child's perception of gap affordances: Bicycling across traffic-filled intersections in an immersive VE},
  JOURNAL =      {Behavior Reseach Methods, Instruments, and Computers},
  YEAR =         {2004},
  volume =       {75},
  pages =        {1243--1253},
}

 @article{Steinicke:2010,
author = {Frank Steinicke and Gerd Bruder and Jason Jerald and Harald
Frenz and Markus Lappe},
title = {Estimation of Detection Thresholds for Redirected Walking Techniques},
journal ={IEEE Transactions on Visualization and Computer Graphics},
volume = {16},
issn = {1077-2626},
year = {2010},
pages = {17-27},
doi = {http://doi.ieeecomputersociety.org/10.1109/TVCG.2009.62},
publisher = {IEEE Computer Society},
address = {Los Alamitos, CA, USA},
}



@Article{Schwaiger:Cyberwalk, 
title={Cyberwalk: An advanced prototype of a belt array platform}, 
author={M. Schwaiger and T. Thummel and H Ulbrich}, 
journal={Haptic, Audio and Visual Environments and Games. HAVE 2007. IEEE International Workshop, 12-14 Oct.}, 
year={ 2007}, 
volume={}, 
number={}, 
pages={50-55}, 
doi={10.1109/HAVE.2007.4371586}, 
ISSN={}, }


@InCollection{Peruch:2000:TSK,
  author = 	 {P. P{\'{e}}ruch and L. Belingard and C. Thinus-Blanc},
  title = 	 { Transfer of Spatial Knowledge from Virtual to Real Environments},
  booktitle = 	 {Spatial Cognition II},
  OPTcrossref =  {},
  OPTkey = 	 {},
  OPTpages = 	 {},
  publisher =	 {Springer},
  year =	 {2000},
  editor =	 {C. Freska},
  OPTvolume = 	 {},
  OPTnumber = 	 {},
  OPTseries = 	 {},
  OPTtype = 	 {},
  OPTchapter = 	 {},
  address =	 {Berlin},
  OPTedition = 	 {},
  OPTmonth = 	 {},
  OPTnote = 	 {},
  OPTannote = 	 {}
}

@InCollection{Rieser:2007,
  author = 	 {J. J. Rieser and H. L. Pick},
  title = 	 {Using locomotion to update spatial orientation: What changes with learning and development?},
  booktitle = 	 {The Emerging Spatial Mind},
  OPTcrossref =  {},
  OPTkey = 	 {},
  OPTpages = 	 {},
  publisher =	 {Oxford UP},
  year =	 {2007},
  OPTvolume = 	 {},
  OPTnumber = 	 {},
  OPTseries = 	 {},
  OPTtype = 	 {},
  OPTchapter = 	 {},
  address =	 {},
  OPTedition = 	 {},
  OPTmonth = 	 {},
  OPTnote = 	 {},
  OPTannote = 	 {},
  pages={77--103}
}


@article{tapWilliams07,
  author    = {Betsy Williams and
               Gayathri Narasimham and
               Claire Westerman and
               John J. Rieser and
               Bobby Bodenheimer},
  title     = {Functional similarities in spatial representations between
               real and VEs},
  journal   = {TAP},
  volume    = {4},
  number    = {2},
  year      = {2007},
  ee        = {http://doi.acm.org/10.1145/1265957.1265961},
  bibsource = {DBLP, http://dblp.uni-trier.de}
}



@inproceedings{Xie:2010,
 author = {Xie, Xianshi and Lin, Qiufeng and Wu, Haojie and Narasimham, Gayathri and McNamara, Timothy P. and Rieser, John and Bodenheimer, Bobby},
 title = {A system for exploring large VEs that combines scaled translational gain and interventions},
 booktitle = {Proceedings of the 7th Symposium on Applied Perception in Graphics and Visualization},
 series = {APGV '10},
 year = {2010},
 isbn = {978-1-4503-0248-7},
 location = {Los Angeles, California},
 pages = {65--72},
 numpages = {8},
 url = {http://doi.acm.org/10.1145/1836248.1836260},
 doi = {http://doi.acm.org/10.1145/1836248.1836260},
 acmid = {1836260},
 publisher = {ACM},
 address = {New York, NY, USA},
 keywords = {space perception, virtual reality (VR)},
} 


@inproceedings{previousMYO,
 author = {McCullough, Morgan and Xu, Hong and Michelson, Joel and Jackoski, Matthew and Pease, Wyatt and Cobb, William and Kalescky, William and Ladd, Joshua and Williams, Betsy},
 title = {Myo Arm: Swinging to Explore a VE},
 booktitle = {Proceedings of the ACM SIGGRAPH Symposium on Applied Perception},
 series = {SAP '15},
 year = {2015},
 isbn = {978-1-4503-3812-7},
 location = {T\übingen, Germany},
 pages = {107--113},
 numpages = {7},
 url = {http://doi.acm.org/10.1145/2804408.2804416},
 doi = {10.1145/2804408.2804416},
 acmid = {2804416},
 publisher = {ACM},
 address = {New York, NY, USA},
 keywords = {head-mounted display, locomotion, spatial updating, virtual environment},
}
 

@Book{ trove.nla.gov.au/work/12170008,
title = { Flight simulation : virtual environments in aviation },
author = { Lee, Alfred T },
publisher = { Aldershot, England ; Burlington, VT : Ashgate },
year = { 2005 },
type = { Book; Book/Illustrated },
isbn = { 0754642879 (hbk.) },
subjects = { Training planes; Flight training; Flight simulators; Air pilots -- Training of },
language = { English },
note = { Formerly CIP },
contents = { 1. Visual Scene Simulation -- 2. Sound Effects and Communications Simulation -- 3. Whole Body Motion -- 4. Handling Qualities and Control Loading -- 5. Cognitive Fidelity and the Simulator Task Environment -- 6. Flight Simulators in Pilot Training and Evaluation -- 7. Simulator Fidelity and Training Effectiveness -- 8. Limitations in Flight Simulator Design and Use -- 9. Advances in Flight Simulation -- 10. Flight Simulation in Research },
catalogue-url = { http://trove.nla.gov.au/work/12170008 }
}

 

 

@inproceedings{vanWyk2009VRT15034541503465,
 author = {van Wyk, Etienne and de Villiers, Ruth},
 title = {Virtual Reality Training Applications for the Mining Industry},
 booktitle = {Proceedings of the 6th International Conference on Computer Graphics, Virtual Reality, Visualisation and Interaction in Africa},
 series = {AFRIGRAPH '09},
 year = {2009},
 isbn = {978-1-60558-428-7},
 location = {Pretoria, South Africa},
 pages = {53--63},
 numpages = {11},
 url = {http://doi.acm.org/10.1145/1503454.1503465},
 doi = {10.1145/1503454.1503465},
 acmid = {1503465},
 publisher = {ACM},
 address = {New York, NY, USA},
 keywords = {mining training applications, realism, safety training, virtual reality},
} 

 

 

 

@article{Ruppel2011DBS2043741.2043863,
 author = {R\"{u}ppel, Uwe and Schatz, Kristian},
 title = {Designing a BIM-based Serious Game for Fire Safety Evacuation Simulations},
 journal = {Adv. Eng. Inform.},
 issue_date = {October, 2011},
 volume = {25},
 number = {4},
 month = oct,
 year = {2011},
 issn = {1474-0346},
 pages = {600--611},
 numpages = {12},
 url = {http://dx.doi.org/10.1016/j.aei.2011.08.001},
 doi = {10.1016/j.aei.2011.08.001},
 acmid = {2043863},
 publisher = {Elsevier Science Publishers B. V.},
 address = {Amsterdam, The Netherlands, The Netherlands},
 keywords = {Building Information Modeling (BIM), Evacuation simulation, Fire safety engineering, Game design, Serious gaming},
} 
 
@article{torkington,
year={2001},
issn={0930-2794},
journal={Surgical Endoscopy},
volume={15},
number={10},
doi={10.1007/s004640000233},
title={Skill transfer from virtual reality to a real laparoscopic task},
url={http://dx.doi.org/10.1007/s004640000233},
publisher={Springer-Verlag},
author={Torkington, J. and Smith, S.G.T. and Rees, B.I. and Darzi, A.},
pages={1076-1079},
language={English}
}
 
@article{rothbaum,
year={1999},
issn={0894-9867},
journal={Journal of Traumatic Stress},
volume={12},
number={2},
doi={10.1023/A:1024772308758},
title={Virtual Reality Exposure Therapy for PTSD Vietnam Veterans: A Case Study},
url={http://dx.doi.org/10.1023/A%3A1024772308758},
publisher={Kluwer Academic Publishers-Plenum Publishers},
keywords={PTSD; Vietnam; virtual reality; exposure therapy},
author={Rothbaum, BarbaraOlasov and Hodges, Larry and Alarcon, Renato and Ready, David and Shahar, Fran and Graap, Ken and Pair, Jarrel and Hebert, Philip and Gotz, Dave and Wills, Brian and Baltzell, David},
pages={263-271},
language={English}
}

 

@article{doi:10.1080/09500690305027,
author = { Christos Bakas and Tassos Mikropoulos },
title = {Design of virtual environments for the comprehension of planetary phenomena based on students' ideas},
journal = {International Journal of Science Education},
volume = {25},
number = {8},
pages = {949-967},
year = {2003},
doi = {10.1080/09500690305027},
URL = {
http://dx.doi.org/10.1080/09500690305027
},
eprint = {
http://dx.doi.org/10.1080/09500690305027
}
}

 

@article{mitchell,
year={2007},
issn={0162-3257},
journal={Journal of Autism and Developmental Disorders},
volume={37},
number={3},
doi={10.1007/s10803-006-0189-8},
title={Using Virtual Environments for Teaching Social Understanding to 6 Adolescents with Autistic Spectrum Disorders},
url={http://dx.doi.org/10.1007/s10803-006-0189-8},
publisher={Kluwer Academic Publishers-Plenum Publishers},
keywords={Virtual reality; Single-user virtual environments; Autism; Asperger’s syndrome; Social understanding},
author={Mitchell, Peter and Parsons, Sarah and Leonard, Anne},
pages={589-600},
language={English}
}

 

@article{kelly,
year={2013},
issn={1943-3921},
journal={Attention, Perception, \& Psychophysics},
volume={75},
number={7},
doi={10.3758/s13414-013-0503-4},
title={More than just perception–action recalibration: Walking through a virtual environment causes rescaling of perceived space},
url={http://dx.doi.org/10.3758/s13414-013-0503-4},
publisher={Springer US},
keywords={Visual perception; Distance perception; Virtual reality; Action},
author={Kelly, JonathanW. and Donaldson, LisaS. and Sjolund, LoriA. and Freiberg, JacobB.},
pages={1473-1485},
language={English}
}

 

 

@incollection{waller,
year={2013},
isbn={978-1-4419-8431-9},
booktitle={Human Walking in Virtual Environments},
editor={Steinicke, Frank and Visell, Yon and Campos, Jennifer and Lécuyer, Anatole},
doi={10.1007/978-1-4419-8432-6_1},
title={Sensory Contributions to Spatial Knowledge of Real and Virtual Environments},
url={http://dx.doi.org/10.1007/978-1-4419-8432-6_1},
publisher={Springer New York},
keywords={Sensory information; Spatial knowledge; Virtual environment; Walking parameters; Walking; Locomotion},
author={Waller, David and Hodgson, Eric},
pages={3-26},
language={English}
}
@article{may,
year={2003},
issn={0278-7393},
journal={Journal of Experimental Psychology: Learning, Memory, and Cognition},
volume={29},
number={5},
doi={10.1037/0278-7393.29.5.993},
title={Thinking outside the body: an advantage for spatial updating during imagined versus physical self-rotation.},
publisher={APA},
keywords={Visual perception; Distance perception; Virtual reality; Action},
author={Maryjane Wraga},
pages={993-1005},
language={English}
}

@article{zehr,
year={2004},
issn={1073-8584},
journal={The Neuroscientist : a review journal bringing neurobiology, neurology and psychiatry},
volume={10},
number={4},
doi={10.1177/1073858404264680},
title={Regulation of arm and leg movement during human locomotion},
publisher={APA},
keywords={Visual perception; Distance perception; Virtual reality; Action},
author={E Paul Zehr and Jacques Duysens},
pages={347-61},
language={English}
}

@article{Ruddle:2009:BUW:1502800.1502805,
 author = {Ruddle, Roy A. and Lessels, Simon},
 title = {The Benefits of Using a Walking Interface to Navigate Virtual Environments},
 journal = {ACM Trans. Comput.-Hum. Interact.},
 issue_date = {April 2009},
 volume = {16},
 number = {1},
 month = apr,
 year = {2009},
 issn = {1073-0516},
 pages = {5:1--5:18},
 articleno = {5},
 numpages = {18},
 url = {http://doi.acm.org/10.1145/1502800.1502805},
 doi = {10.1145/1502800.1502805},
 acmid = {1502805},
 publisher = {ACM},
 address = {New York, NY, USA},
 keywords = {Virtual reality, locomotion, navigation, visual fidelity},
} 

@article{Plumert:2005:DPR:1077399.1077402,
 author = {Plumert, Jodie M. and Kearney, Joseph K. and Cremer, James F. and Recker, Kara},
 title = {Distance Perception in Real and Virtual Environments},
 journal = {ACM Trans. Appl. Percept.},
 issue_date = {July 05},
 volume = {2},
 number = {3},
 month = jul,
 year = {2005},
 issn = {1544-3558},
 pages = {216--233},
 numpages = {18},
 url = {http://doi.acm.org/10.1145/1077399.1077402},
 doi = {10.1145/1077399.1077402},
 acmid = {1077402},
 publisher = {ACM},
 address = {New York, NY, USA},
 keywords = {Virtual environments, distance estimation, large-screen immersive displays, perception},
}

@article{Renner:2013:PED:2543581.2543590,
 author = {Renner, Rebekka S. and Velichkovsky, Boris M. and Helmert, Jens R.},
 title = {The Perception of Egocentric Distances in Virtual Environments - A Review},
 journal = {ACM Comput. Surv.},
 issue_date = {November 2013},
 volume = {46},
 number = {2},
 month = dec,
 year = {2013},
 issn = {0360-0300},
 pages = {23:1--23:40},
 articleno = {23},
 numpages = {40},
 url = {http://doi.acm.org/10.1145/2543581.2543590},
 doi = {10.1145/2543581.2543590},
 acmid = {2543590},
 publisher = {ACM},
 address = {New York, NY, USA},
 keywords = {Depth perception, distance estimation, perception, virtual environments, virtual reality},
}